@book{josuttis:cpp17,
  title = {{Secure Coding in C and C++: Secure Coding in C and C+}},
  author = {Rober Seacord},
  year = 2013,
  publisher = {Addison Wesley},
  edition = 2,
}
